% Modelos de referências em BibTeX

% ATENCAO:
%
% - para preservar as maiúsculas em siglas nos títulos, use {...}.
    Veja um exemplo na referência "iskandar00" abaixo.

%%%%% exemplo de livro 
@book{iskandar00,
   author	= {J. Iskandar},
   title	= {Normas da {ABNT} Comentadas para Trabalhos Científicos},
   year		= {2000},
   publisher	= {Editora Champagnat (PUCPR)}
}

@book{goossens93,
   author	= {M. Goossens and F. Mittelbach and A. Samarin},
   title	= {The \LaTeX\ Companion},
   year		= {1993},
   publisher	= {Addison-Wesley}
}

@book{oetiker07,
   author	= {T. Oetiker and H. Partl and I. Hyna and E. Schlegl},
   title	= {The Not So Short Introduction to \LaTeXe{}},
   publisher	= {\url{http://www.ctan.org/tex-archive/info/lshort}},
   year		= {2007}
}

%%%%% exemplo de parte de livro
@inbook{Birman89,
   author	= {K. Birman and T. Joseph},
   editor	= {S. Mullender},
   pages	= {293-317},
   publisher	= {Addison-Wesley},
   title	= {Reliable Broadcast Protocols in Distributed Systems},
   year		= {1989}
}

%%%%% exemplo de manual
@manual{Chorus96a,
   title	= {Chorus/Cool-ORB r3 - Product Description},
   organization = {Chorus Systems},      
   note	= {CS/TR-95-157.3},
   month	= {June},
   year		= {1996}
}

%%%%% exemplo de tese de doutorado
@phdthesis{Maziero94,
   author	= {C. Maziero},
   title	= {Conception et réalisation d'un noyau de système
   		   réparti pour la simulation parallèle},
   school	= {IRISA - Université de Rennes I}, 
   address	= {Rennes - France},
   note 	= {137 pgs},
   number	= {1161},
   month	= {June},
   year		= {1994}
}

%%%%% exemplo de dissertação de mestrado
@mastersthesis{Ribeiro97,
   author	= {R. Ribeiro},
   title	= {Proposta de um suporte para simulações orientadas a 
		   objetos distribuídas em uma plataforma aberta},
   school	= {Pós-Graduação em Engenharia Elétrica - Universidade
		   Federal de Santa Catarina}, 
   address	= {Fpolis - SC},
   note 	= {},
   number	= {},
   month	= {Junho},
   year		= {1997}
}

%%%%% exemplo de artigo em revista
@article{Awerbuch85a,
   author	= {B. Awerbuch},
   title	= {Complexity of network synchronization},
   journal	= {Journal of ACM},
   volume	= {32},
   number	= {4},
   pages	= {801-823},
   note 	= {invited paper},
   month	= {October},
   year		= {1985}
}

%%%%% exemplo de artigo em evento
@conference{Adam88,
   author	= {M. Adam and Ph. Ingels and M. Raynal},
   title	= {The meaning of synchronous distributed algorithms run on
		   asynchronous distributed systems},
   booktitle	= {3$^{rd}$ International Symposium on Computer and
		   Information Sciences},
   address	= {Izmir - Turkey},
   pages	= {307-316},
   month	= {November},
   year		= {1988}
}

%%%%% exemplo de relatório técnico
@techreport{bibufpr15,
   author	= {Biblioteca UFPR},
   institution	= {Sistema de Bibliotecas -- Universidade Federal do Paran\'a},
   title	= {Manual de normaliza\c{c}\~ao de documentos cient\'ificos de acordo com as normas da {ABNT}},
   number	= {ISBN 9788584800025},
   address	= {Curitiba PR},
   year		= {2015}
}

%%%%% exemplo de URL (páginas Web)
@misc{maziero15,
   title	= {Modelo {PPGInf UFPR} para teses e dissertações},
   author	= {Carlos Maziero},
   howpublished	= {\url{http://www.inf.ufpr.br/maziero}},
   year		= {2015},
   note		= {Acessado em 30/11/2015}
}


%-----------------------------------------------------------------------------------------------

%% MINHAS REFERENCIAS

@Article{Nelder72,
  Title                    = {{Generalized Linear Models}},
  Author                   = {Nelder, John Ashworth and Wedderburn, Robert William Maclagan},
  Journal                  = {Journal of the Royal Statistical Society. Series A (General)},
  Year                     = {1972},
  Pages                    = {370--384},
  Volume                   = {135}
}

@article{Bonat16,
  title={Multivariate covariance generalized linear models},
  author={Bonat, Wagner Hugo and J{\o}rgensen, Bent},
  journal={Journal of the Royal Statistical Society: Series C (Applied Statistics)},
  volume={65},
  number={5},
  pages={649--675},
  year={2016},
  publisher={Wiley Online Library}
}

@misc{Hair05,
  title={An{\'a}lise multivariada de dados},
  author={Hair, Joseph F. and Anderson, Rolph E. and Tatham, ROnald L. and Black, William C.},
  year={2005},
  publisher={Porto Alegre: Bookman}
}

@article{manova,
  title={Multivariate analysis of variance (MANOVA)},
  author={Smith, H and Gnanadesikan, R and Hughes, JB},
  journal={Biometrics},
  volume={18},
  number={1},
  pages={22--41},
  year={1962},
  publisher={JSTOR}
}

@article{wilks,
  title={Certain generalizations in the analysis of variance},
  author={Wilks, Samuel S},
  journal={Biometrika},
  pages={471--494},
  year={1932},
  publisher={JSTOR}
}

@article{lawley,
  title={A generalization of Fisher's z test},
  author={Lawley, DN},
  journal={Biometrika},
  volume={30},
  number={1/2},
  pages={180--187},
  year={1938},
  publisher={JSTOR}
}

@techreport{hotelling,
  title={A generalized T test and measure of multivariate dispersion},
  author={Hotelling, Harold},
  year={1951},
  institution={UNIVERSITY OF NORTH CAROLINA Chapel Hill United States}
}

@article{pillai,
  title={Some new test criteria in multivariate analysis},
  author={Pillai, KCS and others},
  journal={The Annals of Mathematical Statistics},
  volume={26},
  number={1},
  pages={117--121},
  year={1955},
  publisher={Institute of Mathematical Statistics}
}

@article{roy,
  title={On a heuristic method of test construction and its use in multivariate analysis},
  author={Roy, Samarendra Nath},
  journal={The Annals of Mathematical Statistics},
  pages={220--238},
  year={1953},
  publisher={JSTOR}
}

@article{boxcox64,
  title={An analysis of transformations},
  author={Box, George EP and Cox, David R},
  journal={Journal of the Royal Statistical Society. Series B (Methodological)},
  pages={211--252},
  year={1964},
  publisher={JSTOR}
}

@article{tamioso2017does,
  title={Does emotional reactivity influence behavioral and cardiac responses of ewes submitted to brushing?},
  author={Tamioso, Priscillia Regina and Boissy, Alain and Boivin, Xavier and Chandeze, Herve and Andanson, Stephane and Delval, Eric and Hazard, Dominique and Taconeli, Cesar Augusto and Molento, Carla Forte Maiolino},
  journal={Behavioural Processes},
  pages={np},
  year={2017}
}

@MastersThesis{Trecenti2015, 
  author   =  "Trecenti, Julio Adolfo Zucon", 
  title    =  "Diagramas de influência: uma aplicação em Jurimetria", 
  school   =  "Instituto de Matemática e Estatística, Universidade de São Paulo", 
  year     =  "2015"  
}

@article{Jorgensen87,
  title={Exponential dispersion models},
  author={J{\o}rgensen, Bent},
  journal={Journal of the Royal Statistical Society: Series B (Methodological)},
  volume={49},
  number={2},
  pages={127--145},
  year={1987},
  publisher={Wiley Online Library}
}

@book{Jorgensen97,
  title={The theory of dispersion models},
  author={J{\o}rgensen, Bent},
  year={1997},
  publisher={CRC Press}
}

@article{Jorgensen15,
  title={Discrete dispersion models and their Tweedie asymptotics},
  author={J{\o}rgensen, Bent and Kokonendji, C{\'e}lestin C},
  journal={AStA Advances in Statistical Analysis},
  volume={100},
  number={1},
  pages={43--78},
  year={2015},
  publisher={Springer}
}

@article{Liang86,
  title={Longitudinal data analysis using generalized linear models},
  author={Liang, Kung-Yee and Zeger, Scott L},
  journal={Biometrika},
  volume={73},
  number={1},
  pages={13--22},
  year={1986},
  publisher={Oxford University Press}
}

@article{Anderson73,
  title={Asymptotically efficient estimation of covariance matrices with linear structure},
  author={Anderson, TW and others},
  journal={The Annals of Statistics},
  volume={1},
  number={1},
  pages={135--141},
  year={1973},
  publisher={Institute of Mathematical Statistics}
}

@article{Pourahmadi00,
  title={Maximum likelihood estimation of generalised linear models for multivariate normal covariance matrix},
  author={Pourahmadi, Mohsen},
  journal={Biometrika},
  volume={87},
  number={2},
  pages={425--435},
  year={2000},
  publisher={Oxford University Press}
}

@article{Pinheiro96,
  title={Unconstrained parametrizations for variance-covariance matrices},
  author={Pinheiro, Jos{\'e} C and Bates, Douglas M},
  journal={Statistics and computing},
  volume={6},
  number={3},
  pages={289--296},
  year={1996},
  publisher={Springer}
}

@book{Demidenko13,
  title={Mixed models: theory and applications with R},
  author={Demidenko, Eugene},
  year={2013},
  publisher={John Wiley \& Sons}
}

@article{martinez13,
  title={A general modelling framework for multivariate disease mapping},
  author={Martinez-Beneito, Miguel A},
  journal={Biometrika},
  volume={100},
  number={3},
  pages={539--553},
  year={2013},
  publisher={Oxford University Press}
}

@Article{mcglm,
    title = {Multiple Response Variables Regression Models in {R}: The {mcglm} Package},
    author = {Wagner Hugo Bonat},
    journal = {Journal of Statistical Software},
    year = {2018},
    volume = {84},
    number = {4},
    pages = {1--30},
    doi = {10.18637/jss.v084.i04},
}

@Manual{softwareR,
    title = {R: A Language and Environment for Statistical Computing},
    author = {{R Core Team}},
    organization = {R Foundation for Statistical Computing},
    address = {Vienna, Austria},
    year = {2020},
    url = {https://www.R-project.org/},
  }

@article{jorg04,
  title={Parameter orthogonality and bias adjustment for estimating functions},
  author={J{\o}rgensen, Bent and Knudsen, Sven Jesper},
  journal={Scandinavian Journal of Statistics},
  volume={31},
  number={1},
  pages={93--114},
  year={2004},
  publisher={Wiley Online Library}
}

@techreport{norta,
  title={Modeling and generating random vectors with arbitrary marginal distributions and correlation matrix},
  author={Cario, Marne C and Nelson, Barry L},
  year={1997},
  institution={Citeseer}
}

@Book{car,
    title = {An {R} Companion to Applied Regression},
    edition = {Third},
    author = {John Fox and Sanford Weisberg},
    year = {2019},
    publisher = {Sage},
    address = {Thousand Oaks {CA}},
    url = {https://socialsciences.mcmaster.ca/jfox/Books/Companion/},
  }

@book{sas,
  title={SAS user's guide: Statistics},
  author={SAS Institute},
  volume={2},
  year={1985},
  publisher={Sas Inst}
}

@Article{lmtest,
    title = {Diagnostic Checking in Regression Relationships},
    author = {Achim Zeileis and Torsten Hothorn},
    journal = {R News},
    year = {2002},
    volume = {2},
    number = {3},
    pages = {7--10},
    url = {https://CRAN.R-project.org/doc/Rnews/},
  }

@Misc{survey1,
    author = {Thomas Lumley},
    year = {2020},
    title = {survey: analysis of complex survey samples},
    note = {R package version 4.0},
  }

@Article{survey2,
    year = {2004},
    author = {Thomas Lumley},
    title = {Analysis of Complex Survey Samples},
    journal = {Journal of Statistical Software},
    volume = {9},
    number = {1},
    pages = {1-19},
    note = {R package verson 2.2},
  }

@Book{survey3,
    year = {2010},
    author = {Thomas Lumley},
    title = {Complex Surveys: A Guide to Analysis Using R: A Guide to Analysis Using R},
    publisher = {John Wiley and Sons},
  }

